@article{schwartz1980fast,
  title={Fast probabilistic algorithms for verification of polynomial identities},
  author={Schwartz, Jacob T},
  journal={Journal of the ACM (JACM)},
  volume={27},
  number={4},
  pages={701--717},
  year={1980},
  publisher={ACM}
}

@incollection{tulone2001randomized,
  title={Randomized Xero Testing of Radical Expressions and Elementary Geometry Theorem Proving},
  author={Tulone, Daniela and Yap, Chee and Li, Chen},
  booktitle={Automated Deduction in Geometry},
  pages={58--82},
  year={2001},
  publisher={Springer}
}

@book{chen2011partial,
  title={Partial derivatives in arithmetic complexity and beyond},
  author={Chen, Xi and Kayal, Neeraj and Wigderson, Avi},
  year={2011},
  publisher={Now Publishers Inc}
}

@article{irving2014pentago,
  title={Pentago is a First Player Win: Strongly Solving a Game Using Parallel In-Core Retrograde Analysis},
  author={Irving, Geoffrey},
  journal={arXiv preprint arXiv:1404.0743},
  year={2014}
}

@inproceedings{warren20132hot,
  title={{2HOT}: an improved parallel hashed oct-tree n-body algorithm for cosmological simulation},
  author={Warren, Michael S},
  booktitle={Proceedings of SC13: International Conference for High Performance Computing, Networking, Storage and Analysis},
  pages={72},
  year={2013},
  organization={ACM}
}
